@misc{AppDoc,
  key = {DocApp},
  title = {Apple},
  note = {\url{https://developer.apple.com}}
}
@misc{developer,
  key = {android},
  title = {Android},
  note = {\url{https://developer.android.com}}
}

@misc{raywenderlich,
  key = {sprite},
  title = {SkSprite},
  note = {\url{https://www.raywenderlich.com/71-spritekit-tutorial-for-beginners}}
}
@misc{Javageek,
  key = {java},
  title = {Java},
  note = {\url{https://www.javacodegeeks.com/android-tutorials}}
}
@misc{stackOverflow,
  key = {faq},
  title = {FAQ des deux plateforms},
  note = {\url{https://stackoverflow.com}}
}